<?xml version="1.0" encoding="utf-8"?>
<record xmlns="http://www.loc.gov/MARC21/slim" xmlns:xsi="http://www.w3.org/2001/XMLSchema-instance" xsi:schemaLocation="http://www.loc.gov/MARC21/slim http://www.loc.gov/standards/marcxml/schema/MARC21slim.xsd">
	<leader>     nam a22        4500</leader>
	<controlfield tag="001">4970427</controlfield>
	<controlfield tag="003">NNC</controlfield>
	<controlfield tag="006">m        d        </controlfield>
	<controlfield tag="007">cr cn |||m|||a</controlfield>
	<controlfield tag="008">170117r19891994ir      ob    000 0 ara d</controlfield>
	<datafield ind1=" " ind2=" " tag="040">
		<subfield code="a">NNU</subfield>
		<subfield code="b">eng</subfield>
		<subfield code="e">rda</subfield>
		<subfield code="c">NNU</subfield>
	</datafield>
	<datafield ind1="1" ind2=" " tag="100">
		<subfield code="6">880-01</subfield>
		<subfield code="a">Murawwij, Muḥammad Jaʻfar al-Jazāʼirī.</subfield>
	</datafield>
	<datafield ind1="1" ind2="0" tag="245">
		<subfield code="6">880-02</subfield>
		<subfield code="a">Muntahá al-dirāyah fī tawḍīḥ al-Kifāyah /</subfield>
		<subfield code="c">taʼlīf Muḥammad Jaʻfar al-Jazāʼirī al-Murawwij.</subfield>
	</datafield>
	<datafield ind1=" " ind2=" " tag="250">
		<subfield code="a">al-Ṭabʻah 6.</subfield>
	</datafield>
	<datafield ind1=" " ind2=" " tag="260">
		<subfield code="6">880-03</subfield>
		<subfield code="a">Qum, Īrān :</subfield>
		<subfield code="b">Muʼassasat Dār al-Kitāb al-Jazāʼirī lil-Ṭibāʻah wa-al-Nashr,</subfield>
		<subfield code="c">1410-1415 [1989 or 1990-1994 or 1995]-</subfield>
	</datafield>
	<datafield ind1=" " ind2=" " tag="300">
		<subfield code="a">online resource (8 volumes)</subfield>
	</datafield>
	<datafield ind1=" " ind2=" " tag="336">
		<subfield code="a">text</subfield>
		<subfield code="2">rdacontent</subfield>
	</datafield>
	<datafield ind1=" " ind2=" " tag="337">
		<subfield code="a">computer</subfield>
		<subfield code="2">rdamedia</subfield>
	</datafield>
	<datafield ind1=" " ind2=" " tag="338">
		<subfield code="a">online resource</subfield>
		<subfield code="2">rdacarrier</subfield>
	</datafield>
	<datafield ind1=" " ind2=" " tag="500">
		<subfield code="a">Title page partially vocalized.</subfield>
	</datafield>
	<datafield ind1=" " ind2=" " tag="500">
		<subfield code="a">Edition varies.</subfield>
	</datafield>
	<datafield ind1=" " ind2=" " tag="500">
		<subfield code="a">Part of the Arabic Collections Online (ACO) project, contributed by Columbia University Libraries.</subfield>
	</datafield>
	<datafield ind1=" " ind2=" " tag="504">
		<subfield code="a">Includes bibliographical references.</subfield>
	</datafield>
	<datafield ind1=" " ind2=" " tag="533">
		<subfield code="a">Electronic reproduction.</subfield>
		<subfield code="b">New York, N.Y. :</subfield>
		<subfield code="c">New York University,</subfield>
		<subfield code="d">2017.</subfield>
		<subfield code="5">NNU</subfield>
	</datafield>
	<datafield ind1=" " ind2=" " tag="534">
		<subfield code="p">Reprint. Originally published:</subfield>
		<subfield code="c">[Qum] : Maṭbaʻat al-Najaf, 1388 [1968 or 1969].</subfield>
	</datafield>
	<datafield ind1="1" ind2="0" tag="600">
		<subfield code="a">Khurāsānī, Muḥammad Kāẓim,</subfield>
		<subfield code="d">1839 or 1840-1911.</subfield>
		<subfield code="t">Kifāyat al-uṣūl.</subfield>
	</datafield>
	<datafield ind1=" " ind2="0" tag="650">
		<subfield code="a">Islamic law</subfield>
		<subfield code="x">Interpretation and construction.</subfield>
	</datafield>
	<datafield ind1="1" ind2="2" tag="700">
		<subfield code="6">880-04</subfield>
		<subfield code="a">Khurāsānī, Muḥammad Kāẓim,</subfield>
		<subfield code="d">1839 or 1840-1911.</subfield>
		<subfield code="t">Kifāyat al-uṣūl.</subfield>
	</datafield>
	<datafield ind1="2" ind2=" " tag="710">
		<subfield code="a">Columbia University.</subfield>
		<subfield code="b">Libraries.</subfield>
	</datafield>
	<datafield ind1="0" ind2=" " tag="730">
		<subfield code="a">Arabic Collections Online.</subfield>
	</datafield>
	<datafield ind1="0" ind2="2" tag="740">
		<subfield code="6">880-05</subfield>
		<subfield code="a">Kifāyat al-uṣūl.</subfield>
	</datafield>
	<datafield ind1="0" ind2="8" tag="776">
		<subfield code="i">Print version:</subfield>
		<subfield code="a">Murawwij, Muḥammad Jaʻfar al-Jazāʼirī.</subfield>
		<subfield code="t">Muntahá al-dirāyah fī tawḍīḥ al-Kifāyah</subfield>
		<subfield code="w">(NNC)4970427</subfield>
		<subfield code="w">(OCoLC)507479343</subfield>
	</datafield>
	<datafield ind1="4" ind2="0" tag="856">
		<subfield code="u">http://hdl.handle.net/2333.1/jsxksshm</subfield>
	</datafield>
	<datafield ind1="1" ind2=" " tag="880">
		<subfield code="6">100-01/r</subfield>
		<subfield code="a">مروج، محمد جعفر الجزائري.</subfield>
	</datafield>
	<datafield ind1="1" ind2="0" tag="880">
		<subfield code="6">245-02/r</subfield>
		<subfield code="a">منتهى الدراية في توضيح الكفاية /</subfield>
		<subfield code="c">تأليف محمد جعفر الجزائري المروج.</subfield>
	</datafield>
	<datafield ind1=" " ind2=" " tag="880">
		<subfield code="6">260-03/r</subfield>
		<subfield code="a">قم، ايران :</subfield>
		<subfield code="b">مؤسسة دار الكتاب الجزائري للطباعة والنشر،</subfield>
		<subfield code="c">1415- [1994 or 1995-]</subfield>
	</datafield>
	<datafield ind1="1" ind2="2" tag="880">
		<subfield code="6">700-04/r</subfield>
		<subfield code="a">خراساني، محمد كاظم.</subfield>
		<subfield code="t">كفاية الأصول.</subfield>
	</datafield>
	<datafield ind1="0" ind2="2" tag="880">
		<subfield code="6">740-05/r</subfield>
		<subfield code="a">كفاية الأصول.</subfield>
	</datafield>
	<datafield ind1=" " ind2=" " tag="959">
		<subfield code="a">NNU</subfield>
		<subfield code="b">WEB</subfield>
		<subfield code="c">GENI</subfield>
		<subfield code="t">0</subfield>
		<subfield code="m">Electronic access</subfield>
		<subfield code="s">01</subfield>
	</datafield>
	<datafield ind1=" " ind2=" " tag="999">
		<subfield code="i">NNC_4970427</subfield>
		<subfield code="o">(OCoLC)ocn507479343</subfield>
		<subfield code="s">columbia_aco002218:v.7</subfield>
		<subfield code="e">(ERROR-880)(ERROR-MISC)</subfield>
	</datafield>
</record>
